%YAML 1.1
%TAG !u! tag:unity3d.com,2011:
--- !u!1001 &100100000
Prefab:
  m_ObjectHideFlags: 1
  serializedVersion: 2
  m_Modification:
    m_TransformParent: {fileID: 0}
    m_Modifications: []
    m_RemovedComponents: []
  m_ParentPrefab: {fileID: 0}
  m_RootGameObject: {fileID: 1646364238524460}
  m_IsPrefabParent: 1
--- !u!1 &1618229724514984
GameObject:
  m_ObjectHideFlags: 0
  m_PrefabParentObject: {fileID: 0}
  m_PrefabInternal: {fileID: 100100000}
  serializedVersion: 5
  m_Component:
  - component: {fileID: 4346817693559124}
  - component: {fileID: 20506953230227968}
  - component: {fileID: 92417299492939496}
  - component: {fileID: 124822588402691418}
  - component: {fileID: 81196331226009656}
  - component: {fileID: 114274884791716180}
  - component: {fileID: 114467316964563016}
  - component: {fileID: 114404407033462084}
  m_Layer: 0
  m_Name: Main Camera
  m_TagString: MainCamera
  m_Icon: {fileID: 0}
  m_NavMeshLayer: 0
  m_StaticEditorFlags: 0
  m_IsActive: 1
--- !u!1 &1646364238524460
GameObject:
  m_ObjectHideFlags: 0
  m_PrefabParentObject: {fileID: 0}
  m_PrefabInternal: {fileID: 100100000}
  serializedVersion: 5
  m_Component:
  - component: {fileID: 4271028260352802}
  - component: {fileID: 33848611999947622}
  - component: {fileID: 23415740388319874}
  - component: {fileID: 143395263979482376}
  - component: {fileID: 114815078338112474}
  - component: {fileID: 114187877073413156}
  m_Layer: 0
  m_Name: Player
  m_TagString: Untagged
  m_Icon: {fileID: 0}
  m_NavMeshLayer: 0
  m_StaticEditorFlags: 0
  m_IsActive: 1
--- !u!4 &4271028260352802
Transform:
  m_ObjectHideFlags: 1
  m_PrefabParentObject: {fileID: 0}
  m_PrefabInternal: {fileID: 100100000}
  m_GameObject: {fileID: 1646364238524460}
  m_LocalRotation: {x: -0, y: -0.9992699, z: -0, w: -0.038207132}
  m_LocalPosition: {x: 0.94, y: 1.93, z: 8.23}
  m_LocalScale: {x: 1, y: 1, z: 1}
  m_Children:
  - {fileID: 4346817693559124}
  m_Father: {fileID: 0}
  m_RootOrder: 0
  m_LocalEulerAnglesHint: {x: 0, y: -184.379, z: 0}
--- !u!4 &4346817693559124
Transform:
  m_ObjectHideFlags: 1
  m_PrefabParentObject: {fileID: 0}
  m_PrefabInternal: {fileID: 100100000}
  m_GameObject: {fileID: 1618229724514984}
  m_LocalRotation: {x: -0, y: -0, z: -0, w: 1}
  m_LocalPosition: {x: 0, y: 0.5, z: 0}
  m_LocalScale: {x: 1, y: 1, z: 1}
  m_Children: []
  m_Father: {fileID: 4271028260352802}
  m_RootOrder: 0
  m_LocalEulerAnglesHint: {x: 0, y: 0, z: 0}
--- !u!20 &20506953230227968
Camera:
  m_ObjectHideFlags: 1
  m_PrefabParentObject: {fileID: 0}
  m_PrefabInternal: {fileID: 100100000}
  m_GameObject: {fileID: 1618229724514984}
  m_Enabled: 1
  serializedVersion: 2
  m_ClearFlags: 1
  m_BackGroundColor: {r: 0.19215687, g: 0.3019608, b: 0.4745098, a: 0}
  m_NormalizedViewPortRect:
    serializedVersion: 2
    x: 0
    y: 0
    width: 1
    height: 1
  near clip plane: 0.3
  far clip plane: 1000
  field of view: 66.4
  orthographic: 0
  orthographic size: 5
  m_Depth: -1
  m_CullingMask:
    serializedVersion: 2
    m_Bits: 4294967295
  m_RenderingPath: -1
  m_TargetTexture: {fileID: 0}
  m_TargetDisplay: 0
  m_TargetEye: 3
  m_HDR: 1
  m_AllowMSAA: 1
  m_ForceIntoRT: 0
  m_OcclusionCulling: 1
  m_StereoConvergence: 10
  m_StereoSeparation: 0.022
  m_StereoMirrorMode: 0
--- !u!23 &23415740388319874
MeshRenderer:
  m_ObjectHideFlags: 1
  m_PrefabParentObject: {fileID: 0}
  m_PrefabInternal: {fileID: 100100000}
  m_GameObject: {fileID: 1646364238524460}
  m_Enabled: 0
  m_CastShadows: 1
  m_ReceiveShadows: 1
  m_MotionVectors: 1
  m_LightProbeUsage: 1
  m_ReflectionProbeUsage: 1
  m_Materials:
  - {fileID: 10303, guid: 0000000000000000f000000000000000, type: 0}
  m_StaticBatchInfo:
    firstSubMesh: 0
    subMeshCount: 0
  m_StaticBatchRoot: {fileID: 0}
  m_ProbeAnchor: {fileID: 0}
  m_LightProbeVolumeOverride: {fileID: 0}
  m_ScaleInLightmap: 1
  m_PreserveUVs: 1
  m_IgnoreNormalsForChartDetection: 0
  m_ImportantGI: 0
  m_SelectedEditorRenderState: 3
  m_MinimumChartSize: 4
  m_AutoUVMaxDistance: 0.5
  m_AutoUVMaxAngle: 89
  m_LightmapParameters: {fileID: 0}
  m_SortingLayerID: 0
  m_SortingLayer: 0
  m_SortingOrder: 0
--- !u!33 &33848611999947622
MeshFilter:
  m_ObjectHideFlags: 1
  m_PrefabParentObject: {fileID: 0}
  m_PrefabInternal: {fileID: 100100000}
  m_GameObject: {fileID: 1646364238524460}
  m_Mesh: {fileID: 10208, guid: 0000000000000000e000000000000000, type: 0}
--- !u!81 &81196331226009656
AudioListener:
  m_ObjectHideFlags: 1
  m_PrefabParentObject: {fileID: 0}
  m_PrefabInternal: {fileID: 100100000}
  m_GameObject: {fileID: 1618229724514984}
  m_Enabled: 1
--- !u!92 &92417299492939496
Behaviour:
  m_ObjectHideFlags: 1
  m_PrefabParentObject: {fileID: 0}
  m_PrefabInternal: {fileID: 100100000}
  m_GameObject: {fileID: 1618229724514984}
  m_Enabled: 1
--- !u!114 &114187877073413156
MonoBehaviour:
  m_ObjectHideFlags: 1
  m_PrefabParentObject: {fileID: 0}
  m_PrefabInternal: {fileID: 100100000}
  m_GameObject: {fileID: 1646364238524460}
  m_Enabled: 1
  m_EditorHideFlags: 0
  m_Script: {fileID: 11500000, guid: bb7fb9912076c034297a3b89bf11a492, type: 3}
  m_Name: 
  m_EditorClassIdentifier: 
  axes: 1
  sensitivityX: 15
  sensitivityY: 15
  minimumX: -360
  maximumX: 360
  minimumY: -60
  maximumY: 60
  frameCounter: 20
--- !u!114 &114274884791716180
MonoBehaviour:
  m_ObjectHideFlags: 1
  m_PrefabParentObject: {fileID: 0}
  m_PrefabInternal: {fileID: 100100000}
  m_GameObject: {fileID: 1618229724514984}
  m_Enabled: 1
  m_EditorHideFlags: 0
  m_Script: {fileID: 11500000, guid: bb7fb9912076c034297a3b89bf11a492, type: 3}
  m_Name: 
  m_EditorClassIdentifier: 
  axes: 2
  sensitivityX: 15
  sensitivityY: 15
  minimumX: -360
  maximumX: 360
  minimumY: -60
  maximumY: 60
  frameCounter: 20
--- !u!114 &114404407033462084
MonoBehaviour:
  m_ObjectHideFlags: 1
  m_PrefabParentObject: {fileID: 0}
  m_PrefabInternal: {fileID: 100100000}
  m_GameObject: {fileID: 1618229724514984}
  m_Enabled: 1
  m_EditorHideFlags: 0
  m_Script: {fileID: 11500000, guid: d44acea694ce10943ba55a54baaf7802, type: 3}
  m_Name: 
  m_EditorClassIdentifier: 
  cam: {fileID: 0}
  cursorDisplay: {fileID: 0}
  instruction: {fileID: 0}
--- !u!114 &114467316964563016
MonoBehaviour:
  m_ObjectHideFlags: 1
  m_PrefabParentObject: {fileID: 0}
  m_PrefabInternal: {fileID: 100100000}
  m_GameObject: {fileID: 1618229724514984}
  m_Enabled: 1
  m_EditorHideFlags: 0
  m_Script: {fileID: 11500000, guid: 97501d1f675033c43a40232b795d9698, type: 3}
  m_Name: 
  m_EditorClassIdentifier: 
  playerCam: {fileID: 1618229724514984}
  GrabButton: Grab
  ThrowButton: Throw
  UseButton: Use
  ObjectGrab:
    m_FreezeRotation: 1
    m_PickupRange: 3
    m_ThrowStrength: 50
    m_distance: 3
    m_maxDistanceGrab: 4
  ItemGrab:
    m_FreezeRotation: 1
    m_ItemPickupRange: 2
    m_ItemThrow: 45
    m_ItemDistance: 1
    m_ItemMaxGrab: 2.5
  DoorGrab:
    m_DoorPickupRange: 2
    m_DoorThrow: 10
    m_DoorDistance: 2
    m_DoorMaxGrab: 3
  Tags:
    m_InteractTag: Interact
    m_InteractItemsTag: InteractItem
    m_DoorsTag: Door
--- !u!114 &114815078338112474
MonoBehaviour:
  m_ObjectHideFlags: 1
  m_PrefabParentObject: {fileID: 0}
  m_PrefabInternal: {fileID: 100100000}
  m_GameObject: {fileID: 1646364238524460}
  m_Enabled: 1
  m_EditorHideFlags: 0
  m_Script: {fileID: 11500000, guid: 2cdab2e89f820ce418a41234d9e73244, type: 3}
  m_Name: 
  m_EditorClassIdentifier: 
  walkSpeed: 6
  runSpeed: 11
  limitDiagonalSpeed: 1
  toggleRun: 0
  jumpSpeed: 8
  gravity: 20
  fallingDamageThreshold: 10
  slideWhenOverSlopeLimit: 0
  slideOnTaggedObjects: 0
  slideSpeed: 12
  airControl: 0
  antiBumpFactor: 0.75
  antiBunnyHopFactor: 1
--- !u!124 &124822588402691418
Behaviour:
  m_ObjectHideFlags: 1
  m_PrefabParentObject: {fileID: 0}
  m_PrefabInternal: {fileID: 100100000}
  m_GameObject: {fileID: 1618229724514984}
  m_Enabled: 1
--- !u!143 &143395263979482376
CharacterController:
  m_ObjectHideFlags: 1
  m_PrefabParentObject: {fileID: 0}
  m_PrefabInternal: {fileID: 100100000}
  m_GameObject: {fileID: 1646364238524460}
  m_Material: {fileID: 0}
  m_IsTrigger: 0
  m_Enabled: 1
  serializedVersion: 2
  m_Height: 2
  m_Radius: 0.5
  m_SlopeLimit: 45
  m_StepOffset: 0.3
  m_SkinWidth: 0.08
  m_MinMoveDistance: 0.001
  m_Center: {x: 0, y: 0, z: 0}
